<record><leader>00000cas a2200000 a 4500</leader><controlfield tag="001">10366844</controlfield><controlfield tag="008">840202d18231847vtuwr ne      0   a0eng c</controlfield><datafield ind1=" " ind2=" " tag="010"><subfield code="a">sn 84022355 </subfield></datafield><datafield ind1=" " ind2=" " tag="040"><subfield code="a">NPX</subfield><subfield code="b">eng</subfield><subfield code="c">NPX</subfield><subfield code="d">DLC</subfield><subfield code="d">NPX</subfield><subfield code="d">NPU</subfield><subfield code="d">DLC</subfield><subfield code="d">CNK</subfield><subfield code="d">CNW</subfield><subfield code="d">NVN</subfield><subfield code="d">OCL</subfield><subfield code="d">CVF</subfield><subfield code="d">NVN</subfield><subfield code="d">NVF</subfield><subfield code="d">DLC</subfield><subfield code="d">NVN</subfield><subfield code="d">DLC</subfield><subfield code="d">OCLCQ</subfield><subfield code="d">OCLCA</subfield><subfield code="d">OCLCF</subfield></datafield><datafield ind1=" " ind2=" " tag="012"><subfield code="l">a</subfield></datafield><datafield ind1="0" ind2=" " tag="022"><subfield code="a">2166-1952</subfield><subfield code="2">1</subfield></datafield><datafield ind1="1" ind2=" " tag="029"><subfield code="a">AU@</subfield><subfield code="b">000020128917</subfield></datafield><datafield ind1=" " ind2=" " tag="042"><subfield code="a">pcc</subfield><subfield code="a">nsdp</subfield></datafield><datafield ind1=" " ind2=" " tag="043"><subfield code="a">n-us-vt</subfield></datafield><datafield ind1="0" ind2="0" tag="050"><subfield code="a">Newspaper</subfield></datafield><datafield ind1="1" ind2="0" tag="082"><subfield code="a">071</subfield><subfield code="2">14</subfield></datafield><datafield ind1="0" ind2=" " tag="130"><subfield code="a">Rutland herald (Rutland, Vt. : 1823)</subfield></datafield><datafield ind1=" " ind2="0" tag="222"><subfield code="a">Rutland herald (Rutland, Vt. 1823)</subfield></datafield><datafield ind1="1" ind2="0" tag="245"><subfield code="a">Rutland herald.</subfield></datafield><datafield ind1=" " ind2=" " tag="260"><subfield code="a">Rutland, Vt. :</subfield><subfield code="b">William Fay,</subfield><subfield code="c">1823-1847.</subfield></datafield><datafield ind1=" " ind2=" " tag="300"><subfield code="a">v.</subfield></datafield><datafield ind1=" " ind2=" " tag="310"><subfield code="a">Weekly</subfield></datafield><datafield ind1="0" ind2=" " tag="362"><subfield code="a">Vol. 29, no. 6 (Feb. 5, 1823)-v. 53, no. 53 (Dec. 29, 1847).</subfield></datafield><datafield ind1=" " ind2=" " tag="530"><subfield code="a">Also issued on microfilm from the Library of Congress, Photoduplication Service.</subfield></datafield><datafield ind1=" " ind2=" " tag="530"><subfield code="a">Archived issues are available in digital format as part of the Library of Congress Chronicling America online collection.</subfield></datafield><datafield ind1=" " ind2="0" tag="651"><subfield code="a">Rutland (Vt.)</subfield><subfield code="v">Newspapers.</subfield></datafield><datafield ind1=" " ind2="0" tag="651"><subfield code="a">Rutland County (Vt.)</subfield><subfield code="v">Newspapers.</subfield></datafield><datafield ind1=" " ind2="0" tag="651"><subfield code="a">Vermont</subfield><subfield code="v">Newspapers.</subfield></datafield><datafield ind1=" " ind2="7" tag="655"><subfield code="a">Newspapers.</subfield><subfield code="2">fast</subfield><subfield code="0">(OCoLC)fst01423814</subfield></datafield><datafield ind1=" " ind2="7" tag="651"><subfield code="a">Vermont.</subfield><subfield code="2">fast</subfield><subfield code="0">(OCoLC)fst01204305</subfield></datafield><datafield ind1=" " ind2="7" tag="651"><subfield code="a">Vermont</subfield><subfield code="z">Rutland.</subfield><subfield code="2">fast</subfield><subfield code="0">(OCoLC)fst01214597</subfield></datafield><datafield ind1=" " ind2="7" tag="651"><subfield code="a">Vermont</subfield><subfield code="z">Rutland County.</subfield><subfield code="2">fast</subfield><subfield code="0">(OCoLC)fst01211879</subfield></datafield><datafield ind1=" " ind2=" " tag="752"><subfield code="a">United States</subfield><subfield code="b">Vermont</subfield><subfield code="c">Rutland</subfield><subfield code="d">Rutland.</subfield></datafield><datafield ind1="0" ind2="0" tag="780"><subfield code="t">Rutland Vermont herald</subfield><subfield code="w">(DLC)sn 84022346</subfield><subfield code="w">(OCoLC)10358776</subfield></datafield><datafield ind1="0" ind2="0" tag="785"><subfield code="t">Rutland County herald (Rutland, Vt. : 1848)</subfield><subfield code="x">2166-1979</subfield><subfield code="w">(DLC)sn 84022356</subfield><subfield code="w">(OCoLC)10366999</subfield></datafield><datafield ind1="4" ind2="1" tag="856"><subfield code="u">http://chroniclingamerica.loc.gov/lccn/sn84022363/issues</subfield></datafield></record>